
@article{ConesaKrueger,
  author  = {Juan C. Conesa and Dirk Krueger},
  journal = {Review of Economic Dynamics},
  number  = {2},
  pages   = { 757-795},
  title   = {Social Security Reform with Heterogeneous Agents},
  year    = {1999}
}
